%% This BibTeX bibliography file was created using BibDesk.
%% http://bibdesk.sourceforge.net/


%% Created for Kevin at 2014-04-13 20:14:24 +0200 


%% Saved with string encoding Unicode (UTF-8) 



@techreport{milanGPS,
	Author = {Milan Horemu{\v z}},
	Date-Added = {2014-04-13 18:11:46 +0000},
	Date-Modified = {2014-04-13 18:14:18 +0000},
	Institution = {Royal Institute of Technology},
	Title = {GPS single point positioning algorithm},
	Year = {2014},
	Bdsk-File-1 = {YnBsaXN0MDDUAQIDBAUGJCVYJHZlcnNpb25YJG9iamVjdHNZJGFyY2hpdmVyVCR0b3ASAAGGoKgHCBMUFRYaIVUkbnVsbNMJCgsMDxJXTlMua2V5c1pOUy5vYmplY3RzViRjbGFzc6INDoACgAOiEBGABIAFgAdccmVsYXRpdmVQYXRoWWFsaWFzRGF0YV8Qfy4uLy4uL1BlcmlvZCA0IDIwMTQvR05TUy9MYWJzL0wxLCBMMiAtIENvbXB1dGF0aW9uIG9mIHNhdGVsbGl0ZSBhbmQgcmVjZWl2ZXIgcG9zaXRpb24vR1BTc2luZ2xlIHBvaW50IHBvc2l0aW9uaW5nIGFsZ29yaXRobS5wZGbSFwsYGVdOUy5kYXRhTxECmgAAAAACmgACAAAIVW50aXRsZWQAAAAAAAAAAAAAAAAAAAAAAAAAzuJ8qkgrAAAAMCddH0dQU3NpbmdsZSBwb2ludCBwb3NpIzMxNDY5OS5wZGYAAAAAAAAAAAAAAAAAAAAAAAAAAAAAAAAAAAAAAAAAAAAxRpnPYwgOUERGIAAAAAAAAgAFAAAJIAAAAAAAAAAAAAAAAAAAAB9MMSwgTDIgLSBDb21wdXRhdGlvbiBvZiAjMzAyNzVEAAAQAAgAAM7ibpoAAAARAAgAAM9i6+4AAAABACAAMCddADAnWQAwJ1cAMCdVABJ6YgASekUABiACAAJkUwACAIZVbnRpdGxlZDpVc2VyczoAa2V2aW46AFNreURyaXZlOgBLVEggV29yazoAUGVyaW9kIDQgMjAxNDoAR05TUzoATGFiczoATDEsIEwyIC0gQ29tcHV0YXRpb24gb2YgIzMwMjc1RDoAR1BTc2luZ2xlIHBvaW50IHBvc2kjMzE0Njk5LnBkZgAOAFQAKQBHAFAAUwBzAGkAbgBnAGwAZQAgAHAAbwBpAG4AdAAgAHAAbwBzAGkAdABpAG8AbgBpAG4AZwAgAGEAbABnAG8AcgBpAHQAaABtAC4AcABkAGYADwASAAgAVQBuAHQAaQB0AGwAZQBkABIAl1VzZXJzL2tldmluL1NreURyaXZlL0tUSCBXb3JrL1BlcmlvZCA0IDIwMTQvR05TUy9MYWJzL0wxLCBMMiAtIENvbXB1dGF0aW9uIG9mIHNhdGVsbGl0ZSBhbmQgcmVjZWl2ZXIgcG9zaXRpb24vR1BTc2luZ2xlIHBvaW50IHBvc2l0aW9uaW5nIGFsZ29yaXRobS5wZGYAABMAAS8AABUAAgAM//8AAIAG0hscHR5aJGNsYXNzbmFtZVgkY2xhc3Nlc11OU011dGFibGVEYXRhox0fIFZOU0RhdGFYTlNPYmplY3TSGxwiI1xOU0RpY3Rpb25hcnmiIiBfEA9OU0tleWVkQXJjaGl2ZXLRJidUcm9vdIABAAgAEQAaACMALQAyADcAQABGAE0AVQBgAGcAagBsAG4AcQBzAHUAdwCEAI4BEAEVAR0DuwO9A8IDzQPWA+QD6APvA/gD/QQKBA0EHwQiBCcAAAAAAAACAQAAAAAAAAAoAAAAAAAAAAAAAAAAAAAEKQ==}}
